@article{Fienen2010, 
title = "Using prediction uncertainty analysis to design hydrologic monitoring networks: Example applications from the Great Lakes water availability pilot project",
journal = "U.S. Geological Survey Scientific Investigation Report",
volume = "2010-5159",
year = "2010",
pages = "44",
author = "M.N. Fienen and J.E. Doherty and R.J. Hunt and H.W. Reeves",
}

@article{PESTPPV3,
  author = {D.E. Welter and J.T. White and J.E. Doherty and R.J. Hunt},
  title = {{PEST}++ {V}ersion 3, {A} {P}arameter {EST}imation and uncertainty analysis software suite optimized for large environmental models},
  journal = "U.S. Geological Survey Techniques and Methods Report",
  year = "2015",
}

@MISC{eigenweb,
  author = {Ga\"{e}l Guennebaud and Beno\^{i}t Jacob and others},
  title = {Eigen v3},
  howpublished = {http://eigen.tuxfamily.org},
  year = {2010}
 }

@book{Doherty2015,
  title={{PEST} and its utility support software, Theory},
  author={Doherty, J.E.},
  year={2015},
  publisher={Watermark Numerical Publishing}
}


@book{Golub1996,
  title={Matrix Computations},
  author={Golub, G.H. and Van Loan, C.F.},
  isbn={9780801854149},
  lccn={96014291},
  series={Johns Hopkins Studies in the Mathematical Sciences},
  url={http://books.google.com/books?id=mlOa7wPX6OYC},
  year={1996},
  publisher={Johns Hopkins University Press}
}

@article{White2014,
  title={Quantifying the predictive consequences of model error with linear subspace analysis},
  author={White, Jeremy T and Doherty, John E and Hughes, Joseph D},
  journal={Water Resources Research},
  year={2014}
}

@ARTICLE{Doherty2011,
author={Doherty, J. and Christensen, S.},
title={Use of paired simple and complex models to reduce predictive bias and quantify uncertainty},
journal={Water Resources Research},
year={2011},
volume={47},
number={12},
art_number={W12534},
document_type={Article},
}

@book{Aster2013,
  title={Parameter Estimation and Inverse Problems},
  author={Aster, R.C. and Borchers, B. and Thurber, C.H.},
  isbn={9780123850485},
  lccn={2011032004},
  series={Academic Press},
  url={http://books.google.com/books?id=ES4wWol\_WucC},
  year={2013},
  publisher={Academic Press}
}


@ARTICLE{Doherty2010,
author={Doherty, J.E. and Welter, D.},
title={A Short Exploration of Structural Noise},
journal={Water Resources Research},
year={2010},
volume={46},
number={5},
document_type={Article},
}

@ARTICLE{Dausman2010a,
author={Dausman, A.M. and Doherty, J.E.  and Langevin, C.D. and  Sukop, M.C.},
title={Quantifying data worth toward reducing predictive uncertainty},
journal={Ground Water},
year={2010},
volume={48},
number={5},
pages={729-740},
}

@ARTICLE{Moore2006,
author={Moore, C. and Doherty, J.},
title={The cost of uniqueness in groundwater model calibration},
journal={Advances in Water Resources},
year={2006},
volume={29},
number={4},
pages={605-623},
}

@ARTICLE{Moore2005,
author={Moore, C. and Doherty, J.},
title={Role of the calibration process in reducing model predictive error},
journal={Water Resources Research},
year={2005},
volume={41},
number={5},
pages={1-14},
}


@ARTICLE{Dausman2010b,
author={Dausman, A.M. and Doherty, J. and  Langevin, C.D. and Dixon, J.},
title={Hypothesis testing of buoyant plume migration using a highly parameterized variable-density groundwater model at a site in Florida, USA [Simulation de migration d'un panache soumis à une poussée verticale, à l'aide d'un modèle multi-paramétrique à densité de drainage souterrain variable, sur un site de Floride, USA]},
journal={Hydrogeology Journal},
year={2010},
volume={18},
number={1},
pages={147-160},
}



@book{Oliver2008,
  title={Inverse theory for petroleum reservoir characterization and history matching},
  author={Oliver, Dean S and Reynolds, Albert C and Liu, Ning},
  year={2008},
  publisher={Cambridge University Press}
}


@article{Marquardt1963,
author = {Marquardt, D.},
title = {An Algorithm for Least-Squares Estimation of Nonlinear Parameters},
journal = {Journal of the Society for Industrial and Applied Mathematics},
volume = {11},
number = {2},
pages = {431-441},
year = {1963},
doi = {10.1137/0111030},
}


@online{PEST,
author = {Doherty, J.E.},
title = {PEST, Model-independent parameter estimation—User manual (5th ed., with slight additions)},
url = {http://www.pesthomepage.org/Downloads.php},
howpublished={{http://www.pesthomepage.org/Downloads.php}},
year = 2012
}


@book{Aster2005,
  title={Parameter Estimation and Inverse Problems},
  author={Aster, R.C. and Thurber, C.H. and Borchers, B.},
  number={v. 1},
  isbn={9780120656042},
  lccn={2005295471},
  series={International geophysics series},
  url={http://books.google.nl/books?id=LXgSA6YEke4C},
  year={2005},
  publisher={Elsevier Academic Press}
}


@book{Tikhonov1977,
  title={Solutions of ill-posed problems},
  author={Tikhonov, A.N. and Arsenin, V.I.A.},
  isbn={9780470991244},
  lccn={77003422},
  series={Scripta series in mathematics},
  url={http://books.google.com/books?id=ECrvAAAAMAAJ},
  year={1977},
  publisher={Winston}
}


@inbook {Gupta2013,
title = {Multiple Criteria Global Optimization for Watershed Model Calibration},
author = {Gupta, Hoshin V. and Bastidas, Luis A. and Vrugt, Jasper A. and Sorooshian, Soroosh},
publisher = {American Geophysical Union},
isbn = {9781118665671},
url = {http://dx.doi.org/10.1029/WS006p0125},
doi = {10.1029/WS006p0125},
pages = {125--132},
keywords = {Watersheds—Mathematical models, Watershed management—Mathematical Models, Hyrdrologic models},
booktitle = {Calibration of Watershed Models},
year = {2013},
}

@article {Moore2010,
author = {Moore, Catherine and Wöhling, Thomas and Doherty, John},
title = {Efficient regularization and uncertainty analysis using a global optimization methodology},
journal = {Water Resources Research},
volume = {46},
number = {8},
issn = {1944-7973},
url = {http://dx.doi.org/10.1029/2009WR008627},
doi = {10.1029/2009WR008627},
pages = {n/a--n/a},
keywords = {parameter estimation, uncertainty analysis, calibration, Pareto front, global optimization, regularization},
year = {2010},
}


@book{Koch1989,
   title = "Parameter estimation and hypothesis testing in linear models",
   author = "Koch, Karl-Rudolph",
   publisher = "Springer",
   address = "Berlin, New York",
   url = "http://opac.inria.fr/record=b1095181",
   isbn = "3-540-65257-4",
   note = "This is a translation of the 3rd German edition Parameterschätzung und Hypothesentests in linearen Modellen -- T.p. verso",
   year = 1989
}

@article {Doherty2003,
author = {Doherty, John},
title = {Ground Water Model Calibration Using Pilot Points and Regularization},
journal = {Ground Water},
volume = {41},
number = {2},
publisher = {Blackwell Publishing Ltd},
issn = {1745-6584},
url = {http://dx.doi.org/10.1111/j.1745-6584.2003.tb02580.x},
doi = {10.1111/j.1745-6584.2003.tb02580.x},
pages = {170--177},
year = {2003},
}

@INCOLLECTION{Connor2009,
  author = {Connor, C. B. and L. J. Connor},
  title = {Estimating spatial density with kernel methods},
  booktitle = {Volcanic and Tectonic Hazard Assessment for Nuclear Facilities},
  publisher = {Cambridge University Press},
  year = {2009},
  editor = {C. B. Connor and N. A. Chapman and L. J. Connor},
  pages = {331--343}
}

@INCOLLECTION{Wetmore2009b,
  author = {Wetmore, P. H. and S. S. Hughes and L. J Connor and M. Caplinger},
  title = {Spatial distribution of eruptive centers about the {Idaho National Laboratory}},
  booktitle = {Volcanic and Tectonic Hazard Assessment for Nuclear Facilities},
  publisher = {Cambridge University Press},
  year = {2009},
  editor = {C. B. Connor and N. A. Chapman and L. J. Connor},
  pages = {385--405}
}

@INCOLLECTION{Weller2006,
  author = {Weller, J. N. and A. J. Martin and C. B. Connor and L. J. Connor
	and A. Karakhanian},
  title = {Modelling the spatial distribution of volcanoes: An example from
	{Armenia}},
  booktitle = {Statistics in Volcanology},
  publisher = {Geological Society of London},
  year = {2006},
  editor = {Mader, H. M. and S. G. Coles and C. B. Connor and L. J. Connor},
  number = {1},
  series = {Special Publications of IAVCEI},
  pages = {77--88}
}

@INBOOK{Valentine2015,
  chapter = {23: Basaltic Volcanic Fields},
  pages = {423--440},
  title = {Encyclopedia of Volcanology},
  publisher = {Academic Press},
  year = {2015},
  author = {Valentine, G. A. and C. B. Connor}
}


@article{Germa2013,
  title={Spatial distribution of monogenetic eruptive vents from volcanic fields in central {Baja California, Mexico}},
  author={Germa, A. and L. J. Connor and E. Canon-Tapia and N. LeCorvec},
  journal={Bulletin of Volcanology},
  volume={75},
  number={12},
  pages={1--14},
  year={2013},
  publisher={Springer}
}

@ARTICLE{Kiyosugi2012,
  author = {Kiyosugi, K. and C. B. Connor and P. H. Wetmore and B. P Ferwerda and A. M. Germa and L. J. Connor and A. R. Hintz},
  title = {Relationship between dike and volcanic conduit distribution in a highly eroded monogenetic volcanic field, {San Rafael, Utah, USA}},
  journal = {Geology},
  year = {2012},
  volume = {40},
  pages = {695 -- 698}
}

@ARTICLE{Connor2012,
  author = {Connor, L. J. and C. B. Connor and K. Meliksetian and I. Savov},
  title = {Probabilistic approach to modeling lava flow inundation: a lava flow hazard assessment for a nuclear facility in {Armenia}},
  journal = {Journal of Applied Volcanology},
  year = {2012},
  volume = {1},
  number = {3},
  pages = {doi:10.1186/2191-5040-1-3}
}


@ARTICLE{Kiyosugi2010,
  author = {Kiyosugi, K. and C. B. Connor and D. Zhao and L. J. Connor and K. Tanaka},
  title = {Relationships between temporal-spatial distribution of monogenetic volcanoes, crustal structure, and mantle velocity anomalies: An example from the {Abu} Monogenetic Volcano Group, Southwest {Japan}},
  journal = {Bulletin of Volcanology},
  year = {2010},
  volume = {71},
  pages = {doi:10.1007/s00445-009-0316-4},
  month = {September}
}


@ARTICLE{Jaquet2008,
  author = {Jaquet, O. and C. B. Connor and L. J. Connor},
  title = {Probabilistic modeling for long-term assessment of volcanic hazards},
  journal = {Nuclear Technology},
  year = {2008},
  volume = {163},
  pages = {180--189},
  number = {1}
}


@ARTICLE{Martin2004,
  author = {Martin, A. J. and K. Umeda and C. B. Connor and J. N. Weller and D. Zhao and  M. Takahashi},
  title = {Modeling long-term volcanic hazards through {Bayesian} inference: example from the {Tohoku} volcanic arc, {Japan}},
  journal = {Journal of Geophysical Research},
  year = {2004},
  volume = {109},
  pages = {B10208, doi:10.1029/2004JB003201}
}


@ARTICLE{Aranda2003,
  author = {Aranda-Gom\'ez, J. J. and J. F. Luhr and T. B. Housh and C. B. Connor and T. Becker and C.D. Henry},
  title = {Synextensional {Pliocene-Pleistocene} eruptive activity in the {Camargo} volcanic field, {Chihuahua, Mexico}},
  journal = {Geological Society of America, Bulletin},
  year = {2003},
  volume = {115},
 number = {3},
  pages = {298--313}
}


@ARTICLE{Connor2000,
  author = {Connor, C. B. and J. A. Stamatakos and D. A. Ferrill  and B. E. Hill and G. I. Ofoegbu and F. M. Conway and B. Sagar and J. Trapp},
  title = {Geologic factors controlling patterns of small-volume basaltic volcanism: Application to a volcanic hazards assessment at {Yucca Mountain, Nevada}},
  journal = {Journal of Geophysical Research},
  year = {2000},
  volume = {105},
  pages = {417--432},
  number = {1}
}


@ARTICLE{Conway1998,
  author = {Conway, M. F. and C. B. Connor and B. E. Hill and C. D. Condit and K. Mullaney and C. M. Hall},
  title = {Recurrence rates of basaltic volcanism in the {SP} cluster, {San Francisco} volcanic field, {Arizona}},
  journal = {Geology},
  year = {1998},
  volume = {26},
  pages = {655--658}
}


@ARTICLE{Conway1997,
  author = {Conway, M. F. and D. A. Ferrill and C. M. Hall and A. P. Morris and J. A. Stamatakos and C. B. Connor and A. N. Halliday and C. Condit},
  title = {Timing of basaltic volcanism along the {Mesa Butte} fault zone in the {San Francisco} volcanic field, {Arizona}, from $^{40}${Ar}/$^{39}${Ar} ages: Implications for longevity of cinder cone alignments},
  journal = {Journal of Geophysical Research},
  year = {1997},
  volume = {102},
  pages = {815--824}
}


@ARTICLE{Condit1996,
  author = {Condit, C. D. and C. B. Connor},
  title = {Recurrence rate of basaltic volcanism in volcanic fields: An example
	from the {Springerville Volcanic Field, AZ, USA}},
  journal = {Geological Society of America, Bulletin},
  year = {1996},
  volume = {108},
  pages = {1225--1241}
}

@ARTICLE{Connor1995,
  author = {Connor, C. B. and Hill, B. E.},
  title = {Three nonhomogeneous {Poisson} models for the probability of basaltic
	volcanism: Application to the {Yucca Mountain} region},
  journal = {Journal of Geophysical Research},
  year = {1995},
  volume = {100},
  number = {B6},
  pages = {10\,107--10\,125}
}


@ARTICLE{Connor1992,
  author = {Connor, C. B. and C. D. Condit and L. S. Crumpler and J. C. Aubele},
  title = {Evidence of regional structural controls on vent distribution, {Springerville} volcanic field, {Arizona}},
  journal = {Journal of Geophysical Research},
  year = {1992},
  volume = {97},
  pages = {12\,349--12\,259}
}


@ARTICLE{Connor1990,
  author = {Connor, C. B.},
  title = {Cinder cone clustering in the {TransMexican} volcanic belt: implications for structural and petrologic models},
  journal = {Journal of Geophysical Research},
  year = {1990},
  volume = {95},
  number = {B12},
  pages = {19\,395--19\,405}
}



@article{White2015,
  title={Coupling geophysical investigation with hydrothermal modeling to constrain the enthalpy classification of a potential geothermal resource},
  author={White, J. T. and A. Karakhanian and C. B. Connor and L. J. Connor and J. D. Hughes and R. Malservisi and P. H. Wetmore},
  journal={Journal of Volcanology and Geothermal Research},
  volume={298},
  pages={59--70},
  year={2015}
}


@article{George2016,
  title={Is uplift of volcano clusters in the {Tohoku Volcanic Arc, Japan,} driven by magma accumulation in hot zones? A geodynamic modeling study},
  author={George, O. A. and R. Malservisi and R. Govers and C. B. Connor and L. J. Connor},
  journal={Journal of Geophysical Research: Solid Earth},
  year={2016},
  volume ={121},
  pages = {4780--4796},
  publisher={Wiley Online Library}
}

@article{Condit1989,
  title={Patterns of volcanism along the southern margin of the {Colorado Plateau}: the {Springerville} field},
  author={Condit, C. D. and L. S. Crumpler and J. C. Aubele and W. E. Elston},
  journal={Journal of Geophysical Research: Solid Earth},
  volume={94},
  number={B6},
  pages={7975--7986},
  year={1989},
  publisher={Wiley Online Library}
}


@article{Crumpler1994,
  title={Volcanoes and neotectonic characteristics of the {Springerville} volcanic field, {Arizona}},
  author={Crumpler, L. S. and J. C. Aubele and C. D. Condit},
  journal={New Mexico Geological Society Guidebook},
  pages={147--164},
  year={1994}
}

@article{Condit1995,
  title={{DDM.SVF}: A prototype {Dynamic Digital Map} of the {Springerville} volcanic field, {Arizona}},
  author={Condit, C. D.},
  journal={GSA Today},
  volume={5},
  number={4},
  pages={69},
  year={1995}
}

@article{Condit2010,
  title={{Dynamic Digital Map of the Springerville} volcanic field and the {DDM-Template: An} example of an open-source tool to distribute maps, data, articles, and multi-media materials},
  author={Condit, C. D.},
  journal={Geosphere},
  volume={6},
  number={4},
  pages={430--443},
  year={2010},
  publisher={Geological Society of America}
}


@article{Condit1985,
  title={{K-Ar} ages of late {Cenozoic} rocks of the western part of the {Springerville} volcanic field, east-central {Arizona}},
  author={Condit, C. D. and M. Shafiqullah},
  journal={Isochron/West},
  volume={44},
  pages={3--5},
  year={1985}
}

@article{Aubele1986,
  title={{K-Ar} ages of late {Cenozoic} rocks of the central and eastern parts of the {Springerville} volcanic field, {Arizona}},
  author={Aubele, J. C. and L. S. Crumpler and M. Shafiqullah},
  journal={Isochron/West},
  volume={46},
  pages={3--5},
  year={1986}
}

@article{McIntosh1994,
  title={{Ar--Ar} geochronology of basaltic rocks and constraints on late {Cenozoic} stratigraphy and landscape development in the {Red Hill-Quemado} area},
  author={McIntosh, W. C. and S. M. Cather},
  journal={New Mexico: New Mexico Geological Society, Guidebook},
  volume={45},
  year={1994}
}

@article{Bebbington2011,
  title={Spatio-temporal hazard estimation in the {Auckland Volcanic Field, New Zealand}, with a new event-order model},
  author={Bebbington, M. S. and S. J. Cronin},
  journal={Bulletin of Volcanology},
  volume={73},
  number={1},
  pages={55--72},
  year={2011},
  publisher={Springer}
}

@article{vanWijk2010,
  title={Small-scale convection at the edge of the {Colorado Plateau: Implications} for topography, magmatism, and evolution of {Proterozoic} lithosphere},
  author={Van Wijk, J. W. and W. S. Baldridge and J. Van\,Hunen and S. Goes and R. Aster and D. D. Coblentz, DD and S. P. Grand and J. Ni},
  journal={Geology},
  volume={38},
  number={7},
  pages={611--614},
  year={2010},
  publisher={Geological Society of America}
}

@article{Putirka2003,
  title={Cross section of a magma conduit system at the margin of the {Colorado Plateau}},
  author={Putirka, K. and C. D. Condit},
  journal={Geology},
  volume={31},
  number={8},
  pages={701--704},
  year={2003},
  publisher={Geological Society of America}
}

@article{LeCorvec2013,
  title={Spatial distribution and alignments of volcanic centers: clues to the formation of monogenetic volcanic fields},
  author={{Le\,Corvec}, N. and K. B. Sp{\"o}rli and J. Rowland and J. Lindsay},
  journal={Earth Science Reviews},
  volume={124},
  pages={96--114},
  year={2013},
  publisher={Elsevier}
}

@article{Gilbert2007,
  title={Preservation of {Proterozoic} terrane boundaries within the {Colorado Plateau} and implications for its tectonic evolution},
  author={Gilbert, H. and A. A. Velasco and G. Zandt},
  journal={Earth and Planetary Science Letters},
  volume={258},
  number={1},
  pages={237--248},
  year={2007},
  publisher={Elsevier}
}

@article{Cooper1990,
  title={Mantle sources in the {Arizona} transition zone and global mantle heterogeneity},
  author={Cooper, J. L. and W. K. Hart},
  journal={Geology},
  volume={18},
  number={11},
  pages={1146--1149},
  year={1990},
  publisher={Geological Society of America}
}

@phdthesis{Embid2009,
  title={U-series dating, geochemistry, and geomorphic studies of travertines and springs of the {Springerville} area, east-central {Arizona}, and tectonic implications.},
  author={Embid, E. H.},
  year={2009}
}


@article{Addington2001,
  title={A stratigraphic study of small volcano clusters on {Venus}},
  author={Addington, E. A.},
  journal={Icarus},
  volume={149},
  number={1},
  pages={16--36},
  year={2001},
  publisher={Elsevier}
}

@article{vandenHove2017,
  title={Controls on volcanism at intraplate basaltic volcanic fields},
  author={{van\,den\,Hove}, J. C. and J. {van\,Otterloo} and P. G. Betts and L. Ailleres and R. A. F. Cas},
  journal={Earth and Planetary Science Letters},
  volume={459},
  pages={36--47},
  year={2017},
  publisher={Elsevier}
}

@article{Cappello2012,
  title={Spatial vent opening probability map of {Etna} volcano ({Sicily, Italy})},
  author={Cappello, A. and M. Neri and V. Acocella and G. Gallo and A. Vicari and C. {Del\,Negro}},
  journal={Bulletin of Volcanology},
  volume={74},
  number={9},
  pages={2083--2094},
  year={2012},
  publisher={Springer}
}

@article{Wei2003,
  title={Three active volcanoes in {China} and their hazards},
  author={Wei, H. and R. S. J. Sparks and R. Liu and Q. Fan and Y. Wang and H. Hong and H. Zhang and H. Chen and C. Jiang and J. Dong and others},
  journal={Journal of Asian Earth Sciences},
  volume={21},
  number={5},
  pages={515--526},
  year={2003},
  publisher={Elsevier}
}

@article{Porter1972 ,
  title={Distribution, morphology, and size frequency of cinder cones on {Mauna Kea} volcano, {Hawaii}},
  author={Porter, S. C.},
  journal={Geological Society of America Bulletin},
  volume={83},
  number={12},
  pages={3607--3612},
  year={1972},
  publisher={Geological Society of America}
}

@article{Heming1980,
  title={Patterns of {Quaternary} basaltic volcanism in the northern {North Island, New Zealand}},
  author={Heming, R. F.},
  journal={New Zealand Journal of Geology and Geophysics},
  volume={23},
  number={3},
  pages={335--344},
  year={1980},
  publisher={Taylor \& Francis}
}


@article{Tanaka1986,
  title={Migration of volcanism in the {San Francisco} volcanic field, {Arizona}},
  author={Tanaka, K. L. and E. M. Shoemaker and G. E. Ulrich and E. W. Wolfe},
  journal={Geological Society of America Bulletin},
  volume={97},
  number={2},
  pages={129--141},
  year={1986},
  publisher={Geological Society of America}
}


@article{Cas2016,
  title={The dynamics of a very large intra-plate continental basaltic volcanic province, the {Newer Volcanics Province, SE Australia}, and implications for other provinces},
  author={Cas, R. A. F. and J. {van\,Otterloo} and T. N. Blaikie and J. {van\,den\,Hove}},
  journal={Geological Society, London, Special Publications},
  volume={446},
  pages={SP446--8},
  year={2016},
  publisher={Geological Society of London}
}


@article{Kereszturi2016,
  title={Sedimentology, eruptive mechanism and facies architecture of basaltic scoria cones from the {Auckland Volcanic Field (New Zealand)}},
  author={Kereszturi, G. and K. N{\'e}meth},
  journal={Journal of Volcanology and Geothermal Research},
  volume={324},
  pages={41--56},
  year={2016},
  publisher={Elsevier}
}

@article{Richardson2013,
  title={The volcanic history of Syria Planum, Mars},
  author={Richardson, J. A. and J. E. Bleacher and L. S. Glaze},
  journal={Journal of Volcanology and Geothermal Research},
  volume={252},
  pages={1--13},
  year={2013},
  publisher={Elsevier}
}

@article{Nakamura1977,
  title={Volcanoes as possible indicators of tectonic stress orientation—principle and proposal},
  author={Nakamura, K.},
  journal={Journal of Volcanology and Geothermal Research},
  volume={2},
  number={1},
  pages={1--16},
  year={1977},
  publisher={Elsevier}
}


@article{Hasenaka1985,
  title={The cinder cones of {Michoac{\'a}n--Guanajuato}, central {Mexico}: their age, volume and distribution, and magma discharge rate},
  author={Hasenaka, T. and I. S. E. Carmichael},
  journal={Journal of Volcanology and Geothermal Research},
  volume={25},
  number={1-2},
  pages={105--124},
  year={1985},
  publisher={Elsevier}
}


@book{Williams1950,
  title={Volcanoes of the {Par\'icutin} Region, {Mexico}},
  author={Williams, H.},
  series = {USGS Professional Paper},
  volume={965},
  year={1950},
  publisher={U.S. Geological Survey},
  address = {Reston, Va, USA}
}


@book{Rittmann1962,
  title={Volcanoes and Their Activity},
  author={Rittmann, A.},
  year={1962},
  publisher={John Wiley and Sons},
  pages = {305},
  address = {New York, USA}
}

@article{Mazzarini2004,
  title={Strain rate and bimodal volcanism in the continental rift: {Debre Zeyt} volcanic field, northern {MER, Ethiopia}},
  author={Mazzarini, F. and G. Corti and P. Manetti and F. Innocenti},
  journal={Journal of African Earth Sciences},
  volume={39},
  number={3},
  pages={415--420},
  year={2004},
  publisher={Elsevier}
}

@article{Bacon1982,
  title={Time-predictable bimodal volcanism in the {Coso Range, California}},
  author={Bacon, C. R.},
  journal={Geology},
  volume={10},
  number={2},
  pages={65--69},
  year={1982},
  publisher={Geological Society of America}
}

@incollection{Schmincke1983,
  title={The quaternary {Eifel} volcanic fields},
  author={Schmincke, H.-U. and V. Lorenz and H. A. Seck},
  booktitle={Plateau Uplift},
  pages={139--151},
  year={1983},
  publisher={Springer},
  address={Berlin, Germany}
}

@incollection{Jaquet2006,
  title={Estimation of volcanic hazards using geostatistical models},
  author={Jaquet, O. and R. Carniel},
  booktitle ={Statistics in Volcanology},
  editor = {Mader, H. and S. Coles and C. B. Connor and L. J. Connor},
  Publisher = {Geological Socierty of London},
  series = {Special Publications of IAVCEI},
  number = {1},
  address = {London (UK)},
  pages={89--103},
  year={2006}
}

@ARTICLE{Wetmore2009,
  author = {Wetmore, P. H. and C. B. Connor and S. E. Kruse and S. Callihan and G. Pignotta and C. Stremtan and A. Burke},
  title = {Geometry of the {Trachyte Mesa} intrusion, {Henry Mountains, Utah}: Implications for the emplacement of small melt volumes into the upper crust},
  journal = {Geochemistry, Geophysics, Geosystems},
  year = {2009},
  volume = {10},
  pages = {Q08006, doi:10.1029/2009GC002469}

}

@article{Seeley2003,
  title={Delineation of subsurface {Proterozoic Unkar} and {Chuar Group} sedimentary basins in northern {Arizona} using gravity and magnetics: {Implications} for hydrocarbon source potential},
  author={Seeley, J. M. and G. R. Keller},
  journal={AAPG Bulletin},
  volume={87},
  number={8},
  pages={1299--1321},
  year={2003},
  publisher={American Association of Petroleum Geologists}
}

@article{Shoemaker1978,
  title={{Bright Angel and Mesa Butte} fault systems of northern {Arizona}},
  author={Shoemaker, E. M. and R. L. Squires and M. J. Abrams},
  journal={Geological Society of America Memoirs},
  volume={152},
  pages={341--367},
  year={1978},
  publisher={Geological Society of America}
}

@phdthesis{Condit1984,
  title={The geology of the western part of the Springerville volcanic field, east-central Arizona. University of New Mexico},
  author={Condit, C.D.},
  year={1984},
  school={Ph. D. dissertation}
}

